<collection xmlns="http://www.loc.gov/MARC21/slim">
<record>
  <leader>01433nam0a2200253 i 450 </leader>
  <controlfield tag="001">IT\ICCU\CNCE\071850</controlfield>
  <controlfield tag="005">20151209000000.0</controlfield>
  <datafield tag="012" ind1=" " ind2=" ">
    <subfield code="a">o.r, e-i- ieua mica (3) 1572 (R)</subfield>
    <subfield code="2">fei</subfield>
  </datafield>
  <datafield tag="100" ind1=" " ind2=" ">
    <subfield code="a">20071004d1572        0itac0103    ba</subfield>
  </datafield>
  <datafield tag="101" ind1=" " ind2=" ">
    <subfield code="a">LAT</subfield>
  </datafield>
  <datafield tag="102" ind1=" " ind2=" ">
    <subfield code="a">IT</subfield>
  </datafield>
  <datafield tag="200" ind1="1" ind2=" ">
    <subfield code="a">Tractatus de aetate minori clariss. iuriscon. et in Curia Romana celeberrimi aduocati d. Quintiliani Mandosij, in V cap. &amp; XIII qus̆t. bono ordine distributus. Omnibus, et pontificii, et Cs̆arei iuris studiosis, causarum patronis, ac iusdicentibus vtilis et necessarius. Cum summarijs, et indice locupletissimo</subfield>
  </datafield>
  <datafield tag="210" ind1=" " ind2=" ">
    <subfield code="a">Venetiis</subfield>
    <subfield code="c">apud Ioan. Variscum</subfield>
    <subfield code="d">&amp; socios</subfield>
    <subfield code="d">1572</subfield>
    <subfield code="e">Venetiis</subfield>
    <subfield code="g">apud Ioan. Variscum</subfield>
    <subfield code="h">&amp; socios</subfield>
    <subfield code="h">1572</subfield>
  </datafield>
  <datafield tag="215" ind1=" " ind2=" ">
    <subfield code="a">283 c.</subfield>
    <subfield code="d">4ʻ</subfield>
  </datafield>
  <datafield tag="620" ind1=" " ind2=" ">
    <subfield code="a">IT</subfield>
    <subfield code="d">Venezia</subfield>
  </datafield>
  <datafield tag="700" ind1=" " ind2="1">
    <subfield code="a">Mandosio,</subfield>
    <subfield code="b">Quintiliano</subfield>
    <subfield code="3">IT\ICCU\CNCA\001221</subfield>
  </datafield>
  <datafield tag="712" ind1="0" ind2="0">
    <subfield code="a">Varisco, Giovanni &amp; C.</subfield>
    <subfield code="3">IT\ICCU\CNCT\002997</subfield>
    <subfield code="4">650</subfield>
  </datafield>
  <datafield tag="790" ind1=" " ind2="1">
    <subfield code="a">Mandosi,</subfield>
    <subfield code="b">Quintiliano</subfield>
    <subfield code="3">IT\ICCU\CNCA\020602</subfield>
    <subfield code="z">Mandosio, Quintiliano</subfield>
  </datafield>
  <datafield tag="790" ind1=" " ind2="1">
    <subfield code="a">Mandosius,</subfield>
    <subfield code="b">Quintilianus</subfield>
    <subfield code="3">IT\ICCU\CNCA\020603</subfield>
    <subfield code="z">Mandosio, Quintiliano</subfield>
  </datafield>
  <datafield tag="791" ind1="0" ind2="0">
    <subfield code="a">Guarisco, Giovanni &amp; C.</subfield>
    <subfield code="3">IT\ICCU\CNCT\006428</subfield>
    <subfield code="z">Varisco, Giovanni &amp; C.</subfield>
  </datafield>
  <datafield tag="801" ind1=" " ind2="3">
    <subfield code="a">IT</subfield>
    <subfield code="b">ICCU</subfield>
    <subfield code="c">20201115</subfield>
  </datafield>
  <datafield tag="899" ind1=" " ind2=" ">
    <subfield code="a">Biblioteca comunale Luciano Benincasa. Ancona</subfield>
    <subfield code="1">AN0001</subfield>
    <subfield code="2">URB BA</subfield>
  </datafield>
  <datafield tag="911" ind1=" " ind2=" ">
    <subfield code="a">Sul front. e nel coloph.</subfield>
    <subfield code="9">IT\ICCU\CNCM\001162</subfield>
  </datafield>
  <datafield tag="921" ind1=" " ind2=" ">
    <subfield code="a">IT\ICCU\CNCM\001162</subfield>
    <subfield code="b">Sirena  bicaudata tiene le due code alzate con le mani. In cornice figurata</subfield>
    <subfield code="c">U181</subfield>
    <subfield code="d">Dimensioni: 5 x 5</subfield>
    <subfield code="f">SIRENA</subfield>
    <subfield code="g">1570-1593</subfield>
  </datafield>
</record>
</collection>
